@book{barcode, 
 author = " Kato, Hiroko and Keng T. Tan and Douglas Chai",  
 title = "Barcodes for Mobile Devices",  
 publisher = "Cambridge",  
 edition = "1",  
 year = 2010  
}  
@book{bidirecional,
 author ="Russel, Stuart and Peter Norvig",
title ="Artificial Inteligence, A Modern Approach",
publisher= "Prentice Hall",
edition="3",
year=2009
}

@book{bfs,
author ={Cormen, H. Thomas and Charles E. Leiserson and Ronald L. Rivest},
title ={Introduction to Algorithms},
publisher= {The MIT Press},
edition={1},
year=2009
}
@book{javascript,
author ={ECMA International},
title ={ECMAScript Language Specification},
publisher= {ECMA International},
edition={5.1 REV.6},
year=2011
}
@book{k19,
author ={K19 Treinamentos},
title ={Desenvolvimento Web com JSF2 e JPA2},
publisher= {K19 Treinamentos},
year=2011
}
@book{poo,
author ={Dennis de Champeaux},
title ={Object-Oriented Development Process and Metrics},
publisher= {Prentice-Hall},
year=1997
}

@misc{canvas,
	author={W3C Canvas official page},
	howpublished = "\url{http://dev.w3.org/html5/spec/single-page.html#the-canvas-element}"
}

@misc{jquery,
	author={jQuery official page},
	howpublished = "\url{http://jquery.com/}"
}
@misc{html,
	author={W3C official page},
	howpublished = "\url{http://www.w3.org/html/}"
}
@misc{mybatis,
	author={Mybatis official page},
	howpublished = "\url{http://www.mybatis.org/core/index.html}"
}
@misc{jsp,
	author={Oracle official page},
	howpublished = "\url{http://www.oracle.com/technetwork/java/overview-138580.html}"
}

@misc{pgAdmin,
	author={pgAdmin official page},
	howpublished = "\url{http://www.pgadmin.org/index.php}"
}


@misc{postgresql,
	author={Postgresql Brasil community page},
	howpublished = "\url{http://www.postgresql.org.br/sobre}"
}
@misc{mobile,
	author={IOS Human Interface Guideline page},
	howpublished = "\url{http://developer.apple.com/library/ios/#documentation/UserExperience/Conceptual/MobileHIG/Introduction/Introduction.html}"
}
@misc{ic,
	author={Martin Fowler official page},
	howpublished = "\url{http://martinfowler.com/articles/continuousIntegration.html#PracticesOfContinuousIntegration}"
}
@misc{JSON,
	author={JSON official page},
	howpublished = "\url{http://www.json.org/}"
}

